<?xml version="1.0" encoding="UTF-8"?><collection xmlns="http://www.loc.gov/MARC21/slim"><record><leader>00435nam--2200181-u-4500</leader><controlfield tag="001">000055068</controlfield><controlfield tag="002">20161230</controlfield><controlfield tag="005">20161230201052</controlfield><controlfield tag="008">121026s1000------------r-----000-0-rus-d</controlfield><datafield ind1=" " ind2=" " tag="040"><subfield code="a">IFIN-HH</subfield></datafield><datafield ind1=" " ind2=" " tag="041"><subfield code="a">rus</subfield></datafield><datafield ind1=" " ind2=" " tag="080"><subfield code="a">538.9(075.8)</subfield></datafield><datafield ind1="1" ind2=" " tag="100"><subfield code="a">Epifanov, G.I</subfield></datafield><datafield ind1="1" ind2="0" tag="245"><subfield code="a">Fizika tverdogo tela</subfield><subfield code="c">G.i. epifanov</subfield></datafield><datafield ind1=" " ind2=" " tag="260"><subfield code="a">Moskva</subfield><subfield code="b">Visaia Skola</subfield><subfield code="c">1977</subfield></datafield><datafield ind1=" " ind2=" " tag="300"><subfield code="a">288P</subfield></datafield><datafield ind1=" " ind2=" " tag="852"><subfield code="a">45807</subfield><subfield code="c">539.2</subfield></datafield><datafield ind1=" " ind2=" " tag="CAT"><subfield code="a">Sys</subfield><subfield code="c">20121026</subfield><subfield code="h">135727</subfield></datafield></record></collection>